<record><leader>00000cas a22000007a 4500</leader><controlfield tag="001">11749651</controlfield><controlfield tag="008">850228d18251827nyuwr ne      0    0eng d</controlfield><datafield ind1=" " ind2=" " tag="010"><subfield code="a">sn 85054266 </subfield></datafield><datafield ind1=" " ind2=" " tag="040"><subfield code="a">NYG</subfield><subfield code="b">eng</subfield><subfield code="c">NYG</subfield><subfield code="d">NYS</subfield><subfield code="d">OCL</subfield><subfield code="d">OCLCQ</subfield><subfield code="d">OCLCF</subfield><subfield code="d">OCLCO</subfield></datafield><datafield ind1="1" ind2=" " tag="029"><subfield code="a">AU@</subfield><subfield code="b">000020126632</subfield></datafield><datafield ind1=" " ind2=" " tag="042"><subfield code="a">msc</subfield></datafield><datafield ind1=" " ind2=" " tag="043"><subfield code="a">n-us-ny</subfield></datafield><datafield ind1="0" ind2=" " tag="130"><subfield code="a">Oswego Republican (Oswego, N.Y. : 1825)</subfield></datafield><datafield ind1="1" ind2="0" tag="245"><subfield code="a">Oswego Republican.</subfield></datafield><datafield ind1=" " ind2=" " tag="260"><subfield code="a">Oswego, N.Y. :</subfield><subfield code="b">William Abbey,</subfield><subfield code="c">1825-[1827]</subfield></datafield><datafield ind1=" " ind2=" " tag="300"><subfield code="a">v. ;</subfield><subfield code="c">51 cm.</subfield></datafield><datafield ind1="0" ind2=" " tag="362"><subfield code="a">Vol. 1, no. 1 (Mar. 22, 1825)-</subfield></datafield><datafield ind1="1" ind2=" " tag="362"><subfield code="a">Ceased in 1827.</subfield><subfield code="z">Cf. Gregory, W. Amer. newspapers.</subfield></datafield><datafield ind1=" " ind2=" " tag="500"><subfield code="a">"To guard with zeal the people's rights: and stand firm bulwarks, against the tide of power; when rising to rushing to overwhelm them."</subfield></datafield><datafield ind1=" " ind2="0" tag="651"><subfield code="a">Oswego (N.Y.)</subfield><subfield code="v">Newspapers.</subfield></datafield><datafield ind1=" " ind2="0" tag="651"><subfield code="a">Oswego County (N.Y.)</subfield><subfield code="v">Newspapers.</subfield></datafield><datafield ind1=" " ind2="7" tag="655"><subfield code="a">Newspapers.</subfield><subfield code="2">fast</subfield><subfield code="0">(OCoLC)fst01423814</subfield></datafield><datafield ind1=" " ind2="7" tag="651"><subfield code="a">New York (State)</subfield><subfield code="z">Oswego.</subfield><subfield code="2">fast</subfield><subfield code="0">(OCoLC)fst01212851</subfield></datafield><datafield ind1=" " ind2="7" tag="651"><subfield code="a">New York (State)</subfield><subfield code="z">Oswego County.</subfield><subfield code="2">fast</subfield><subfield code="0">(OCoLC)fst01208853</subfield></datafield><datafield ind1=" " ind2=" " tag="752"><subfield code="a">United States</subfield><subfield code="b">New York</subfield><subfield code="c">Oswego</subfield><subfield code="d">Oswego.</subfield></datafield><datafield ind1="0" ind2="0" tag="785"><subfield code="t">Oswego gazette and advertiser</subfield><subfield code="w">(DLC)sn 85042683</subfield><subfield code="w">(OCoLC)12793658</subfield></datafield></record>